@article{Jose_EPJC_2022,
	author = {{Castillo-Felisola, Oscar} and {Orellana, Oscar} and {Perdiguero, José} and {Ramírez, Francisca} and {Skirzewski, Aureliano} and {Zerwekh, Alfonso R.}},
	title = {Aspects of the polynomial affine model of gravity in three dimensions - With focus in the cosmological solutions},
	DOI= "10.1140/epjc/s10052-021-09938-4",
	url= "https://doi.org/10.1140/epjc/s10052-021-09938-4",
	journal = {Eur. Phys. J. C},
	year = 2022,
	volume = 82,
	number = 1,
	pages = "8",
}
